@misc{main,
 title={Общая информация},
 url={https://www.insotel.ru/press/articles/stroim_set_ethernet_lvs/tehnologiya_ethernet_obzor_tehnologii_raznovidnosti_ethernet_standarty_ethernet/}
}
@misc{Ethernetfr,
 title={Ethernet фрэймы},
 url={https://neerc.ifmo.ru/wiki/index.php?title=Ethernet}
}
@misc{StEthernet,
 title={Стандарты Ethernet},
 url={https://ru.bmstu.wiki/Ethernet}
}
@misc{IP,
 title={Информация о протоколе IP},
 url={https://neerc.ifmo.ru/wiki/index.php?title=IP}
}
@misc{DHCP,
 title={Информация о протоколе DHCP},
 url={https://neerc.ifmo.ru/wiki/index.php?title=DHCP}
}
@misc{TCP,
 title={Информация о протоколе TCP},
 url={https://anisim.org/articles/tcp-protokol/#TCP}
}
@misc{UDP,
 title={Информация о протоколе UDP},
 url={https://anisim.org/articles/udp-protokol/}
}